@article{Thanh2014,
author = {Thanh, Nguyen T. K. and Maclean, N. and Mahiddine, S.},
doi = {10.1021/cr400544s},
issn = {0009-2665},
journal = {Chemical Reviews},
month = {aug},
number = {15},
pages = {7610--7630},
publisher = {American Chemical Society},
title = {{Mechanisms of Nucleation and Growth of Nanoparticles in Solution}},
url = {https://pubs.acs.org/doi/10.1021/cr400544s},
volume = {114},
year = {2014}
}
