@article{Brus1984,
abstract = {We model, in an elementary way, the excited electronic states of semiconductor crystallites sufficiently small (∼50 {\AA} diam) that the electronic properties differ from those of bulk materials. In th...},
author = {Brus, L. E.},
doi = {10.1063/1.447218},
file = {:D$\backslash$:/Mendeley Desktop/DATA/Brus - 1984 - Electron–electron and electron‐hole interactions in small semiconductor crystallites The size dependence of the lowest exc.pdf:pdf},
issn = {0021-9606},
journal = {The Journal of Chemical Physics},
keywords = {CRYSTALS,ELECTRONIC STRUCTURE,ELECTRON−ELECTRON COUPLING,ELECTRON−HOLE COUPLING,EXCITED STATES,SEMICONDUCTOR MATERIALS,SIZE},
month = {may},
number = {9},
pages = {4403--4409},
publisher = {American Institute of Physics},
title = {{Electron–electron and electron‐hole interactions in small semiconductor crystallites: The size dependence of the lowest excited electronic state}},
url = {http://aip.scitation.org/doi/10.1063/1.447218},
volume = {80},
year = {1984}
}
