@article{Banin2014,
abstract = {Hybrid nanoparticles combine two or more disparate materials on the same nanosystem and represent a powerful approach for achieving advanced materials with multiple functionalities stemming from th...},
author = {Banin, Uri and Ben-Shahar, Yuval and Vinokurov, Kathy},
doi = {10.1021/cm402131n},
issn = {0897-4756},
journal = {Chemistry of Materials},
keywords = {assembly,hybrid nanoparticles,nanoelectronics,photocatalysis,semiconductor−metal interface},
month = {jan},
number = {1},
pages = {97--110},
publisher = {American Chemical Society},
title = {{Hybrid Semiconductor–Metal Nanoparticles: From Architecture to Function}},
url = {https://pubs.acs.org/doi/10.1021/cm402131n},
volume = {26},
year = {2014}
}
